<record><leader>00000cas a22000007a 4500</leader><controlfield tag="001">9890596</controlfield><controlfield tag="008">830909d19001902ksuwr ne      0    0eng d</controlfield><controlfield tag="009">3789</controlfield><datafield ind1=" " ind2=" " tag="010"><subfield code="a">sn 83040739 </subfield></datafield><datafield ind1=" " ind2=" " tag="040"><subfield code="a">KSH</subfield><subfield code="b">eng</subfield><subfield code="c">KSH</subfield><subfield code="d">NPT</subfield><subfield code="d">OCLCQ</subfield></datafield><datafield ind1=" " ind2=" " tag="042"><subfield code="a">msc</subfield></datafield><datafield ind1=" " ind2=" " tag="043"><subfield code="a">n-us-ks</subfield></datafield><datafield ind1="0" ind2="4" tag="245"><subfield code="a">The Chautauqua County democrat.</subfield></datafield><datafield ind1=" " ind2=" " tag="260"><subfield code="a">Cedarvale [Cedar Vale], Kan. :</subfield><subfield code="b">J.P. Hosmer,</subfield><subfield code="c">1900-</subfield></datafield><datafield ind1=" " ind2=" " tag="310"><subfield code="a">Weekly</subfield></datafield><datafield ind1="0" ind2=" " tag="362"><subfield code="a">Vol. 1, no. 1 (July 4, 1900)-</subfield></datafield><datafield ind1="1" ind2=" " tag="362"><subfield code="a">Ceased in Jan. 1902.</subfield></datafield><datafield ind1=" " ind2=" " tag="500"><subfield code="a">"Democratic."</subfield></datafield><datafield ind1=" " ind2=" " tag="500"><subfield code="a">Published on Wednesday.</subfield></datafield><datafield ind1=" " ind2=" " tag="500"><subfield code="a">Published in Peru, Kan. Aug. 16, 1901-&lt;Jan. 10, 1902&gt;.</subfield></datafield><datafield ind1=" " ind2=" " tag="530"><subfield code="a">Available on microfilm from Micro Photo.</subfield></datafield><datafield ind1=" " ind2=" " tag="500"><subfield code="a">Editor: J.P. Hosmer.</subfield></datafield><datafield ind1="1" ind2=" " tag="700"><subfield code="a">Hosmer, J. P.</subfield></datafield><datafield ind1=" " ind2=" " tag="752"><subfield code="a">United States</subfield><subfield code="b">Kansas</subfield><subfield code="c">Chautauqua</subfield><subfield code="d">Cedarvale.</subfield></datafield><datafield ind1=" " ind2=" " tag="752"><subfield code="a">United States</subfield><subfield code="b">Kansas</subfield><subfield code="c">Chautauqua</subfield><subfield code="d">Peru.</subfield></datafield><datafield ind1="0" ind2="0" tag="785"><subfield code="t">Chautauqua County derrick</subfield><subfield code="w">(DLC)sn 83040729</subfield></datafield></record>